<?xml version="1.0" encoding="UTF-8"?><record xmlns="http://www.loc.gov/MARC21/slim" xmlns:cinclude="http://apache.org/cocoon/include/1.0" xmlns:zs="http://www.loc.gov/zing/srw/">
  <leader>00376nz  a2200133n  4500</leader>
  <controlfield tag="001">no2001009722</controlfield>
  <controlfield tag="003">DLC</controlfield>
  <controlfield tag="005">20010206070036.0</controlfield>
  <controlfield tag="008">010205n| acannaabn          |n ana      </controlfield>
  <datafield tag="010" ind1=" " ind2=" ">
    <subfield code="a">no2001009722</subfield>
  </datafield>
  <datafield tag="035" ind1=" " ind2=" ">
    <subfield code="a">(OCoLC)oca05409877</subfield>
  </datafield>
  <datafield tag="040" ind1=" " ind2=" ">
    <subfield code="a">TxHU</subfield>
    <subfield code="b">eng</subfield>
    <subfield code="c">TxHU</subfield>
  </datafield>
  <datafield tag="110" ind1="2" ind2=" ">
    <subfield code="a">Downtown Chamber Singers</subfield>
  </datafield>
  <datafield tag="670" ind1=" " ind2=" ">
    <subfield code="a">Composers of the Holocaust [SR], p2000:</subfield>
    <subfield code="b">label (Downtown Chamber Singers)</subfield>
  </datafield>
</record>